<record><leader>00000cas a22000007a 4500</leader><controlfield tag="001">11714785</controlfield><controlfield tag="008">850220d18851903pauwr ne      0    0eng d</controlfield><datafield ind1=" " ind2=" " tag="010"><subfield code="a">sn 85054425 </subfield></datafield><datafield ind1=" " ind2=" " tag="040"><subfield code="a">NYG</subfield><subfield code="b">eng</subfield><subfield code="c">NYG</subfield><subfield code="d">NPX</subfield><subfield code="d">NPH</subfield><subfield code="d">OCLCQ</subfield><subfield code="d">DLC</subfield></datafield><datafield ind1=" " ind2=" " tag="042"><subfield code="a">msc</subfield></datafield><datafield ind1="0" ind2="0" tag="245"><subfield code="a">Reporter-journal.</subfield></datafield><datafield ind1=" " ind2=" " tag="260"><subfield code="a">Towanda, Pa. :</subfield><subfield code="b">Reporter-Journal Print. Co.,</subfield><subfield code="c">-1903.</subfield></datafield><datafield ind1=" " ind2=" " tag="300"><subfield code="a">v. :</subfield><subfield code="b">ill. ;</subfield><subfield code="c">57-58 cm.</subfield></datafield><datafield ind1=" " ind2=" " tag="310"><subfield code="a">Weekly</subfield></datafield><datafield ind1="1" ind2=" " tag="362"><subfield code="a">Began with Jan. 8, 1885 issue.</subfield><subfield code="z">Cf. Heverly, C.F. Hist. of the Towandas, 1886.</subfield></datafield><datafield ind1="0" ind2=" " tag="362"><subfield code="a">-v. 19, no. 40 (Oct. 1, 1903).</subfield></datafield><datafield ind1=" " ind2=" " tag="588"><subfield code="a">Description based on: Vol. 3, no. 3 (Jan. 22, 1885).</subfield></datafield><datafield ind1=" " ind2=" " tag="752"><subfield code="a">United States</subfield><subfield code="b">Pennsylvania</subfield><subfield code="c">Bradford</subfield><subfield code="d">Towanda.</subfield></datafield><datafield ind1="0" ind2="4" tag="780"><subfield code="t">Bradford reporter</subfield><subfield code="x">2376-2764</subfield><subfield code="w">(DLC)sn 84024558</subfield><subfield code="w">(OCoLC)11031902</subfield></datafield><datafield ind1="0" ind2="4" tag="780"><subfield code="t">Towanda journal</subfield><subfield code="w">(DLC)sn 86053750</subfield></datafield><datafield ind1="0" ind2="7" tag="785"><subfield code="t">Bradford County Republican</subfield><subfield code="w">(OCoLC)14223657</subfield></datafield><datafield ind1="0" ind2="7" tag="785"><subfield code="t">Reporter journal and Bradford Republican</subfield><subfield code="w">(OCoLC)14223666</subfield></datafield></record>